@article{sensorAndrew,
 author = {Rowe, A. and Berge{\'e}s, M. E. and Bhatia, G. and Goldman, E. and Rajkumar, R. and Garrett, J. H. and Moura, J. M. F. and Soibelman, L.},
 title = {Sensor andrew: large-scale campus-wide sensing and actuation},
 journal = {IBM J. Res. Dev.},
 issue_date = {January/March 2011},
 volume = {55},
 number = {1\&2},
 month = jan,
 year = {2011},
 issn = {0018-8646},
 pages = {66--79},
 numpages = {14},
 url = {http://dx.doi.org/10.1147/JRD.2010.2089662},
 doi = {10.1147/JRD.2010.2089662},
 acmid = {2001047},
 publisher = {IBM Corp.},
 address = {Riverton, NJ, USA},
} 
@article {janda13,
author = {Socolow, R.},
title = {Saving Energy in the Home:Princeton's Experiments at Twin Rivers},
journal = {Ballinger},
year = {1978}
}
@Online {esrc08,
author = {Kevin Lomas and David Shipworth and Elizabeth Shove and Michalel Kelly and David Uzzell},
title = {How people use and misuse buildings},
year = {2009},
URL={http://www.esrc.ac.uk/funding-and-guidance/collaboration/seminars/archive/buildings.aspx}
}
@article {evans09,
author={Evans, M. and Shui, B. and Somasundaram, S.},
title={Country Report on Building Energy Codes in India},
year={2009},
journal={PNNL},
volume={177925}
}
@article {USEIA11,
author={US Energy Information Administration},
title={AEO2011: Annual Energy Outlook},
year={2011},
}


@inproceedings{arduino,
author = {Giuseppe Anastasi and Francesco Corucci and Francesco Marcelloni}, 
title = {An Intelligent System for Electrical Energy Management in Buildings}, 
pages = {702-707}, 
year = {2011}, 
series={Intelligent Systems Design and Applications}
}


@article{janda09,
author = {Janda, Kathryn B.},
title = {Buildings don't use energy: people do},
journal = {Architectural Science Review},
volume = {54},
number = {1},
pages = {15-22},
year = {2011},
doi = {10.3763/asre.2009.0050},

URL = {http://www.tandfonline.com/doi/abs/10.3763/asre.2009.0050},
eprint = {http://www.tandfonline.com/doi/pdf/10.3763/asre.2009.0050}
}
@inproceedings{preheat,
 author = {Scott, James and Bernheim Brush, A.J. and Krumm, John and Meyers, Brian and Hazas, Michael and Hodges, Stephen and Villar, Nicolas},
 title = {PreHeat: controlling home heating using occupancy prediction},
 booktitle = {Proceedings of the 13th international conference on Ubiquitous computing},
 series = {UbiComp '11},
 year = {2011},
 isbn = {978-1-4503-0630-0},
 location = {Beijing, China},
 pages = {281--290},
 numpages = {10},
 url = {http://doi.acm.org/10.1145/2030112.2030151},
 doi = {10.1145/2030112.2030151},
 acmid = {2030151},
 publisher = {ACM},
 address = {New York, NY, USA},
 keywords = {energy, environment, home heating, prediction, sensing},
} 
@inproceedings{camera1,
 author = {Erickson, Varick L. and Lin, Yiqing and Kamthe, Ankur and Brahme, Rohini and Surana, Amit and Cerpa, Alberto E. and Sohn, Michael D. and Narayanan, Satish},
 title = {Energy efficient building environment control strategies using real-time occupancy measurements},
 booktitle = {Proceedings of the First ACM Workshop on Embedded Sensing Systems for Energy-Efficiency in Buildings},
 series = {BuildSys '09},
 year = {2009},
 isbn = {978-1-60558-824-7},
 location = {Berkeley, California},
 pages = {19--24},
 numpages = {6},
 url = {http://doi.acm.org/10.1145/1810279.1810284},
 doi = {10.1145/1810279.1810284},
 acmid = {1810284},
 publisher = {ACM},
 address = {New York, NY, USA},
} 
@inproceedings{camera2,
 author = {Kamthe, Ankur and Jiang, Lun and Dudys, Matthew and Cerpa, Alberto},
 title = {SCOPES: Smart Cameras Object Position Estimation System},
 booktitle = {Proceedings of the 6th European Conference on Wireless Sensor Networks},
 series = {EWSN '09},
 year = {2009},
 isbn = {978-3-642-00223-6},
 location = {Cork, Ireland},
 pages = {279--295},
 numpages = {17},
 url = {http://dx.doi.org/10.1007/978-3-642-00224-3_18},
 doi = {10.1007/978-3-642-00224-3_18},
 acmid = {1506777},
 publisher = {Springer-Verlag},
 address = {Berlin, Heidelberg},
} 


@INPROCEEDINGS{rabiner,
    author = {Lawrence R. Rabiner},
    title = {A tutorial on hidden markov models and selected applications in speech recognition},
    booktitle = {Proceedings of the IEEE},
    year = {1989},
    pages = {257--286}
}
@inproceedings{context1,
 author = {Raveendran, Biju K. and Prasad, K. Durga and Balasubramaniam, Sundar and Gurunarayanan, S.},
 title = {Variants of priority scheduling algorithms for reducing context-switches in real-time systems},
 booktitle = {Proceedings of the 8th international conference on Distributed Computing and Networking},
 series = {ICDCN'06},
 year = {2006},
 isbn = {3-540-68139-6, 978-3-540-68139-7},
 location = {Guwahati, India},
 pages = {466--478},
 numpages = {13},
 url = {http://dx.doi.org/10.1007/11947950_51},
 doi = {10.1007/11947950_51},
 acmid = {2087427},
 publisher = {Springer-Verlag},
 address = {Berlin, Heidelberg},
 keywords = {context switches, low power, preemption, real time systems, scheduling},
} 

BibTeX | EndNote | ACM Ref

@inproceedings{lightwise,
 author = {Delaney, Declan T. and O'Hare, Gregory M. P. and Ruzzelli, Antonio G.},
 title = {Evaluation of energy-efficiency in lighting systems using sensor networks},
 booktitle = {Proceedings of the First ACM Workshop on Embedded Sensing Systems for Energy-Efficiency in Buildings},
 series = {BuildSys '09},
 year = {2009},
 isbn = {978-1-60558-824-7},
 location = {Berkeley, California},
 pages = {61--66},
 numpages = {6},
 url = {http://doi.acm.org/10.1145/1810279.1810293},
 doi = {10.1145/1810279.1810293},
 acmid = {1810293},
} 

@article{iitdelhi,

title = "Smart occupancy sensors to reduce energy consumption",

journal = "Energy and Buildings",

volume = "32",

number = "1",

pages = "81 - 87",

year = "2000",

note = "",

issn = "0378-7788",

doi = "10.1016/S0378-7788(99)00040-7",

url = "http://www.sciencedirect.com/science/article/pii/S0378778899000407",

author = "Vishal Garg and N.K. Bansal",

keywords = "Occupancy sensors",

keywords = "Energy",

keywords = "Time delay"

}



@inproceedings{context2,
 author = {Wang, Yun and Saksena, Manas},
 title = {Scheduling Fixed-Priority Tasks with Preemption Threshold},
 booktitle = {Proceedings of the Sixth International Conference on Real-Time Computing Systems and Applications},
 series = {RTCSA '99},
 year = {1999},
 isbn = {0-7695-0306-3},
 pages = {328--},
 url = {http://dl.acm.org/citation.cfm?id=519167.828730},
 acmid = {828730},
 publisher = {IEEE Computer Society},
 address = {Washington, DC, USA},
 keywords = {Preemption Threshold, Fixed-Priority Scheduling, Schedulability, Worst-Case Response Time},
} 


@INPROCEEDINGS{yuvraj_ipsn,
author={Agarwal, Y. and Balaji, B. and Dutta, S. and Gupta, R.K. and Weng, T.},
booktitle={Information Processing in Sensor Networks (IPSN), 2011 10th International Conference on}, title={Duty-cycling buildings aggressively: The next frontier in HVAC control},
year={2011},
month={april},
volume={},
number={},
pages={246 -257},
keywords={HVAC control;HVAC schedule;aggressive duty-cycling;building HVAC system;building energy management system;building performance requirement;control architecture;electrical energy saving;energy consumption;energy waste;fixed work schedule;occupancy nodes;occupancy sensor network;primitive static control algorithm;real-time occupancy data;thermal energy saving;university building;wireless sensor network;HVAC;building management systems;energy conservation;energy management systems;wireless sensor networks;},
doi={},
ISSN={},}

@inproceedings{smart_thermostat,
 author = {Lu, Jiakang and Sookoor, Tamim and Srinivasan, Vijay and Gao, Ge and Holben, Brian and Stankovic, John and Field, Eric and Whitehouse, Kamin},
 title = {The smart thermostat: using occupancy sensors to save energy in homes},
 booktitle = {Proceedings of the 8th ACM Conference on Embedded Networked Sensor Systems},
 series = {SenSys '10},
 year = {2010},
 isbn = {978-1-4503-0344-6},
 location = {Z\&\#252;rich, Switzerland},
 pages = {211--224},
 numpages = {14},
 url = {http://doi.acm.org/10.1145/1869983.1870005},
 doi = {10.1145/1869983.1870005},
 acmid = {1870005},
} 

@inproceedings{Arjunan12,
author = {Pandarasamy Arjunan and Nipun Batra and Haksoo Choi and Amarjeet Singh and Pushpendra Singh and Mani B. Srivastava},
title = {{SensorAct: A Privacy and Security Aware Federated Middleware for Building Management}},
BOOKTITLE="Fourth ACM Workshop On Embedded Sensing Systems For Energy-Efficiency In Buildings",
series = {BuildSys 2012}
%YEAR=2012
}

@inproceedings{Haggerty10,
author = {Dawson-Haggerty, Stephen and Jiang, Xiaofan and Tolle, Gilman and Ortiz, Jorge and Culler, David},
title = {{sMAP: a Simple Measurement and Actuation Profile for Physical Information}},
booktitle = {Proceedings of the 8th ACM Conference on Embedded Networked Sensor Systems},
series = {SenSys},
year = {2010}
}

@inproceedings{Lakshmi12,
author = {Lakshmi V. Thanayankizil and Sunil Kumar Ghai and Dipanjan Chakraborty and Deva P. Seetharam},
title = {{Softgreen : Towards Energy Management of Green Office Buildings with Soft Sensors}},
booktitle = {Fourth International Conference on Communication Systems and Networks},
series = {COMSNETS},
year = {2012}
%pages = {197--210},
}
